@book{Hoffman1997,
  title={Human exploration of Mars: the reference mission of the NASA Mars exploration study team},
  author={Hoffman, Stephen J},
  volume={6107},
  year={1997},
  publisher={National Aeronautics and Space Administration, Lyndon B. Johnson Space Center}
}

@TechReport{Finseth1991,
author = {Finseth, JL},
title = {Rover nuclear rocket engine program: Overview of rover engine tests},
institution = {NASA (Sverdrup Technology)},
year={1991}
}


@inproceedings{McLaren2010,
  title={Nuclear Propulsion choices for space exploration},
  author={McLaren, Ryan and Ragheb, Magdi},
  booktitle={2010 1st International Nuclear \& Renewable Energy Conference (INREC)},
  pages={1--7},
  year={2010},
  organization={IEEE}
}

@article{IAEA-GSG,
  title={Occupational radiation protection general safety guide},
  author={IAEA},
  journal={IAEA safety standards series no. GSG-7, IAEA, Vienna},
  year={2018}
}

@article{Cucinotta2009,
  title={Risk of radiation carcinogenesis},
  author={Cucinotta, Francis A and Durante, Marco},
  journal={Human health and performance risks of space exploration missions. NASA SP-2009-3405. Houston: National Aeronautics and Space Administration},
  pages={119--170},
  year={2009}
}

@article{Jiggens2019,
  title={In situ data and effect correlation during September 2017 solar particle event},
  author={Jiggens, Piers and Clavie, C and Evans, H and O'Brien, TP and Witasse, O and Mishev, AL and Nieminen, Petteri and Daly, E and Kalegaev, V and Vlasova, N and others},
  journal={Space Weather},
  volume={17},
  number={1},
  pages={99--117},
  year={2019},
  publisher={Wiley Online Library}
}

@book{Sharma2008,
  title={Atomic and nuclear physics},
  author={Sharma, Shatendra K and others},
  year={2008},
  publisher={Pearson Education India}
}

@incollection{baumstark2002life,
  title={Life under conditions of ionizing radiation},
  author={Baumstark-Khan, Christa and Facius, Rainer},
  booktitle={Astrobiology: the quest for the conditions of life},
  pages={261--284},
  year={2002},
  publisher={Springer}
}

@Misc{STAR,
author = {NIST},
title = {ESTAR, ASTAR, PSTAR},
howpublished = {Website},
note = {https://physics.nist.gov/PhysRefData/Star/Text/intro.html},
}

@article{groom2000passage,
  title={Passage of particles through matter},
  author={Groom, Donald E and Klein, Spencer R},
  journal={The European Physical Journal C-Particles and Fields},
  volume={15},
  number={1-4},
  pages={163--173},
  year={2000},
  publisher={Springer}
}

@misc{deasy1994icru,
  title={ICRU Report 49, stopping powers and ranges for protons and alph particles},
  author={Deasy, Joe},
  year={1994},
  publisher={Wiley Online Library}
}

@article{protection2007icrp,
  title={The 2007 Recommendations of the International Commission on Radiological Protection},
  author={International Commission on Radiological Protection},
  journal={Ann ICRP},
  volume={37},
  number={2.4},
  pages={2},
  year={2007}
}

@book{valentin20072007,
  title={The 2007 recommendations of the international commission on radiological protection},
  author={ICRP},
  volume={37},
  number={2-4},
  year={2007},
  publisher={Elsevier Oxford}
}